@article{article1,
  author  = {Liu, S., Lyu, Y., Lee, H., Hollon, T. C. (n.d.).},
  title   = {An empirical study of CLIP fine-tuning with similarity clusters.},
  journal = {OpenReview},
  year    = {2023},
  volume  = {10},
  number  = {2},
  pages   = {123-130},
  url = {https://openreview.net/forum?id=NmNmlAEBAl&nesting=2&sort=date-desc}
}

@book{book1,
  author    = {Jane Smith},
  title     = {An Example Book},
  publisher = {Example Press},
  year      = {2020}
}

@inproceedings{
liu2024an,
title={An empirical study of {CLIP} fine-tuning with similarity clusters},
author={Shixuan Liu and Yiwei Lyu and Honglak Lee and Todd C Hollon},
booktitle={NeurIPS 2024 Workshop on Fine-Tuning in Modern Machine Learning: Principles and Scalability},
year={2024},
url={https://openreview.net/forum?id=NmNmlAEBAl}
}

@misc{yuksekgonul2023visionlanguagemodelsbehavelike,
      title={When and why vision-language models behave like bags-of-words, and what to do about it?}, 
      author={Mert Yuksekgonul and Federico Bianchi and Pratyusha Kalluri and Dan Jurafsky and James Zou},
      year={2023},
      eprint={2210.01936},
      archivePrefix={arXiv},
      primaryClass={cs.CV},
      url={https://arxiv.org/abs/2210.01936}, 
}

@misc{fan2023improvingcliptraininglanguage,
      title={Improving CLIP Training with Language Rewrites}, 
      author={Lijie Fan and Dilip Krishnan and Phillip Isola and Dina Katabi and Yonglong Tian},
      year={2023},
      eprint={2305.20088},
      archivePrefix={arXiv},
      primaryClass={cs.CV},
      url={https://arxiv.org/abs/2305.20088}, 
}

@misc{pan2022contrastivelanguageimagepretrainingknowledge,
      title={Contrastive Language-Image Pre-Training with Knowledge Graphs}, 
      author={Xuran Pan and Tianzhu Ye and Dongchen Han and Shiji Song and Gao Huang},
      year={2022},
      eprint={2210.08901},
      archivePrefix={arXiv},
      primaryClass={cs.CV},
      url={https://arxiv.org/abs/2210.08901}, 
}

@misc{lee2022uniclipunifiedframeworkcontrastive,
      title={UniCLIP: Unified Framework for Contrastive Language-Image Pre-training}, 
      author={Janghyeon Lee and Jongsuk Kim and Hyounguk Shon and Bumsoo Kim and Seung Hwan Kim and Honglak Lee and Junmo Kim},
      year={2022},
      eprint={2209.13430},
      archivePrefix={arXiv},
      primaryClass={cs.CV},
      url={https://arxiv.org/abs/2209.13430}, 
}

@misc{alabdulmohsin2024clipbiasusefulbalancing,
      title={CLIP the Bias: How Useful is Balancing Data in Multimodal Learning?}, 
      author={Ibrahim Alabdulmohsin and Xiao Wang and Andreas Steiner and Priya Goyal and Alexander D'Amour and Xiaohua Zhai},
      year={2024},
      eprint={2403.04547},
      archivePrefix={arXiv},
      primaryClass={cs.LG},
      url={https://arxiv.org/abs/2403.04547}, 
}


@misc{levi2024doubleellipsoidgeometryclip,
      title={The Double-Ellipsoid Geometry of CLIP}, 
      author={Meir Yossef Levi and Guy Gilboa},
      year={2024},
      eprint={2411.14517},
      archivePrefix={arXiv},
      primaryClass={cs.CV},
      url={https://arxiv.org/abs/2411.14517}, 
}

@misc{word2vec2025,
  author = {Google},
  title  = {word2vec-google-news-300: Pretrained Word Embeddings},
  year   = {2025},
  url    = {https://code.google.com/archive/p/word2vec/}
}

@misc{spacy2025,
  author       = {Explosion AI}, 
  title        = {spaCy: Industrial-strength Natura Language Processing in Python},  
  year         = {2025},         
  version      = {3.7.0},         
  url          = {https://spacy.io},  
  note         = {Accessed: 2025-03-13} 
}

@misc{ultralytics2023segment,
    title        = {Segment - Ultralytics YOLOv8 Docs},
    author       = {Ultralytics},
    year         = {2023},
    url          = {https://docs.ultralytics.com/tasks/segment/},
    note         = {Accessed: 2025-03-13} 
}

@misc{stabilityai2023inpainting,
    title        = {Stable Diffusion v1-5 Inpainting},
    author       = {Stability AI},
    year         = {2023},
    howpublished = {Hugging Face Model Hub},
    url          = {https://huggingface.co/stable-diffusion-v1-5/stable-diffusion-inpainting},
    note         = {Accessed: 2025-03-13} % Update the access date
}

@misc{radford2021learningtransferablevisualmodels,
      title={Learning Transferable Visual Models From Natural Language Supervision}, 
      author={Alec Radford and Jong Wook Kim and Chris Hallacy and Aditya Ramesh and Gabriel Goh and Sandhini Agarwal and Girish Sastry and Amanda Askell and Pamela Mishkin and Jack Clark and Gretchen Krueger and Ilya Sutskever},
      year={2021},
      eprint={2103.00020},
      archivePrefix={arXiv},
      primaryClass={cs.CV},
      url={https://arxiv.org/abs/2103.00020}, 
}

@misc{yao2021filipfinegrainedinteractivelanguageimage,
      title={FILIP: Fine-grained Interactive Language-Image Pre-Training}, 
      author={Lewei Yao and Runhui Huang and Lu Hou and Guansong Lu and Minzhe Niu and Hang Xu and Xiaodan Liang and Zhenguo Li and Xin Jiang and Chunjing Xu},
      year={2021},
      eprint={2111.07783},
      archivePrefix={arXiv},
      primaryClass={cs.CV},
      url={https://arxiv.org/abs/2111.07783}, 
}