@inproceedings{
liu2024an,
title={An empirical study of {CLIP} fine-tuning with similarity clusters},
author={Shixuan Liu and Yiwei Lyu and Honglak Lee and Todd C Hollon},
booktitle={NeurIPS 2024 Workshop on Fine-Tuning in Modern Machine Learning: Principles and Scalability},
year={2024},
url={https://openreview.net/forum?id=NmNmlAEBAl}
}

@book{book1,
  author    = {Jane Smith},
  title     = {An Example Book},
  publisher = {Example Press},
  year      = {2020}
}

@inproceedings{
liu2024an,
title={An empirical study of {CLIP} fine-tuning with similarity clusters},
author={Shixuan Liu and Yiwei Lyu and Honglak Lee and Todd C Hollon},
booktitle={NeurIPS 2024 Workshop on Fine-Tuning in Modern Machine Learning: Principles and Scalability},
year={2024},
url={https://openreview.net/forum?id=NmNmlAEBAl}
}

@misc{yuksekgonul2023visionlanguagemodelsbehavelike,
      title={When and why vision-language models behave like bags-of-words, and what to do about it?}, 
      author={Mert Yuksekgonul and Federico Bianchi and Pratyusha Kalluri and Dan Jurafsky and James Zou},
      year={2023},
      eprint={2210.01936},
      archivePrefix={arXiv},
      primaryClass={cs.CV},
      url={https://arxiv.org/abs/2210.01936}, 
}

@misc{fan2023improvingcliptraininglanguage,
      title={Improving CLIP Training with Language Rewrites}, 
      author={Lijie Fan and Dilip Krishnan and Phillip Isola and Dina Katabi and Yonglong Tian},
      year={2023},
      eprint={2305.20088},
      archivePrefix={arXiv},
      primaryClass={cs.CV},
      url={https://arxiv.org/abs/2305.20088}, 
}

@misc{pan2022contrastivelanguageimagepretrainingknowledge,
      title={Contrastive Language-Image Pre-Training with Knowledge Graphs}, 
      author={Xuran Pan and Tianzhu Ye and Dongchen Han and Shiji Song and Gao Huang},
      year={2022},
      eprint={2210.08901},
      archivePrefix={arXiv},
      primaryClass={cs.CV},
      url={https://arxiv.org/abs/2210.08901}, 
}

@misc{lee2022uniclipunifiedframeworkcontrastive,
      title={UniCLIP: Unified Framework for Contrastive Language-Image Pre-training}, 
      author={Janghyeon Lee and Jongsuk Kim and Hyounguk Shon and Bumsoo Kim and Seung Hwan Kim and Honglak Lee and Junmo Kim},
      year={2022},
      eprint={2209.13430},
      archivePrefix={arXiv},
      primaryClass={cs.CV},
      url={https://arxiv.org/abs/2209.13430}, 
}

@misc{alabdulmohsin2024clipbiasusefulbalancing,
      title={CLIP the Bias: How Useful is Balancing Data in Multimodal Learning?}, 
      author={Ibrahim Alabdulmohsin and Xiao Wang and Andreas Steiner and Priya Goyal and Alexander D'Amour and Xiaohua Zhai},
      year={2024},
      eprint={2403.04547},
      archivePrefix={arXiv},
      primaryClass={cs.LG},
      url={https://arxiv.org/abs/2403.04547}, 
}